@article{gerum2022viscoelastic,
  title={Viscoelastic properties of suspended cells measured with shear flow deformation cytometry},
  author={Gerum, Richard and Mirzahossein, Elham and Eroles, Mar and Elsterer, Jennifer and Mainka, Astrid and Bauer, Andreas and Sonntag, Selina and Winterl, Alexander and Bartl, Johannes and Fischer, Lena and others},
  journal={Elife},
  volume={11},
  pages={e78823},
  year={2022},
  publisher={eLife Sciences Publications Limited}
}

@article{zuk2021universal,
  title={Universal features of the shape of elastic fibres in shear flow},
  author={{\.Z}uk, Pawe{\l} J and S{\l}owicka, Agnieszka M and Ekiel-Je{\.z}ewska, Maria L and Stone, Howard A},
  journal={Journal of Fluid Mechanics},
  volume={914},
  pages={A31},
  year={2021},
  publisher={Cambridge University Press}
}

@article{yasuda2004experimental,
  title={An experimental study of flow-induced fiber orientation and concentration distributions in a concentrated suspension flow through a slit channel containing a cylinder},
  author={Yasuda, Kazunori and Kyuto, Tatsuro and Mori, Noriyasu},
  journal={Rheologica acta},
  volume={43},
  pages={137--145},
  year={2004},
  publisher={Springer}
}

@article{lauga2009hydrodynamics,
  title={The hydrodynamics of swimming microorganisms},
  author={Lauga, Eric and Powers, Thomas R},
  journal={Reports on progress in physics},
  volume={72},
  number={9},
  pages={096601},
  year={2009},
  publisher={IOP Publishing}
}


