@article{roggeveen2022motion,
  title={Motion of asymmetric bodies in two-dimensional shear flow},
  author={Roggeveen, James V and Stone, Howard A},
  journal={Journal of Fluid Mechanics},
  volume={939},
  pages={A23},
  year={2022},
  publisher={Cambridge University Press}
}

@article{de2017spontaneous,
  title={Spontaneous oscillations of elastic filaments induced by molecular motors},
  author={De Canio, Gabriele and Lauga, Eric and Goldstein, Raymond E},
  journal={Journal of The Royal Society Interface},
  volume={14},
  number={136},
  pages={20170491},
  year={2017},
  publisher={The Royal Society}
}

@incollection{KIM1991107,
title = {Chapter 5 - Resistance and Mobility Relations},
editor = {Sangtae Kim and Seppo J. Karrila},
booktitle = {Microhydrodynamics},
publisher = {Butterworth-Heinemann},
pages = {107-145},
year = {1991},
isbn = {978-0-7506-9173-4},
doi = {https://doi.org/10.1016/B978-0-7506-9173-4.50011-6},
url = {https://www.sciencedirect.com/science/article/pii/B9780750691734500116},
author = {Sangtae Kim and Seppo J. Karrila}
}

@incollection{KIM199147,
title = {Chapter 3 - The Disturbance Field of a Single Particle in a Steady Flow},
editor = {Sangtae Kim and Seppo J. Karrila},
booktitle = {Microhydrodynamics},
publisher = {Butterworth-Heinemann},
pages = {47-81},
year = {1991},
isbn = {978-0-7506-9173-4},
doi = {https://doi.org/10.1016/B978-0-7506-9173-4.50009-8},
url = {https://www.sciencedirect.com/science/article/pii/B9780750691734500098},
author = {Sangtae Kim and Seppo J. Karrila}
}

@article{lauga2009hydrodynamics,
  title={The hydrodynamics of swimming microorganisms},
  author={Lauga, Eric and Powers, Thomas R},
  journal={Reports on progress in physics},
  volume={72},
  number={9},
  pages={096601},
  year={2009},
  publisher={IOP Publishing}
}


@article{shelley2016dynamics,
  title={The dynamics of microtubule/motor-protein assemblies in biology and physics},
  author={Shelley, Michael J},
  journal={Annual review of fluid mechanics},
  volume={48},
  number={1},
  pages={487--506},
  year={2016},
  publisher={Annual Reviews}
}

@article{yasuda2004experimental,
  title={An experimental study of flow-induced fiber orientation and concentration distributions in a concentrated suspension flow through a slit channel containing a cylinder},
  author={Yasuda, Kazunori and Kyuto, Tatsuro and Mori, Noriyasu},
  journal={Rheologica acta},
  volume={43},
  pages={137--145},
  year={2004},
  publisher={Springer}
}

@inproceedings{howard1995fiber,
  title={Fiber/proppant mixtures control proppant flowback in South Texas},
  author={Howard, PR and King, MT and Morris, M and F{\'e}raud, J-P and Slusher, G and Lipari, S},
  booktitle={SPE Annual Technical Conference and Exhibition},
  pages={SPE--30495},
  year={1995},
  organization={SPE}
}

@article{smart1991measurement,
  title={Measurement of the drift of a droplet due to the presence of a plane},
  author={Smart, Jeffrey R and Leighton Jr, David T},
  journal={Physics of Fluids A: Fluid Dynamics},
  volume={3},
  number={1},
  pages={21--28},
  year={1991},
  publisher={American Institute of Physics}
}

@article{du2019dynamics,
  title={Dynamics of flexible fibers in viscous flows and fluids},
  author={Du Roure, Olivia and Lindner, Anke and Nazockdast, Ehssan N and Shelley, Michael J},
  journal={Annual Review of Fluid Mechanics},
  volume={51},
  number={1},
  pages={539--572},
  year={2019},
  publisher={Annual Reviews}
}

@article{jeffery1922motion,
  title={The motion of ellipsoidal particles immersed in a viscous fluid},
  author={Jeffery, George Barker},
  journal={Proceedings of the Royal Society of London. Series A, Containing papers of a mathematical and physical character},
  volume={102},
  number={715},
  pages={161--179},
  year={1922},
  publisher={The Royal Society London}
}

@article{hinch1979rotation,
  title={Rotation of small non-axisymmetric particles in a simple shear flow},
  author={Hinch, EJ and Leal, LG},
  journal={Journal of Fluid Mechanics},
  volume={92},
  number={3},
  pages={591--607},
  year={1979},
  publisher={Cambridge University Press}
}

@article{wang2012flipping,
  title={Flipping, scooping, and spinning: drift of rigid curved nonchiral fibers in simple shear flow},
  author={Wang, Jianghui and Tozzi, Emilio J and Graham, Michael D and Klingenberg, Daniel J},
  journal={Physics of Fluids},
  volume={24},
  number={12},
  year={2012},
  publisher={AIP Publishing}
}

@article{goldstein2015green,
  title={Green algae as model organisms for biological fluid dynamics},
  author={Goldstein, Raymond E},
  journal={Annual review of fluid mechanics},
  volume={47},
  number={1},
  pages={343--375},
  year={2015},
  publisher={Annual Reviews}
}

@article{brennen1977fluid,
  title={Fluid mechanics of propulsion by cilia and flagella},
  author={Brennen, Christopher and Winet, Howard},
  journal={Annual Review of Fluid Mechanics},
  volume={9},
  number={1},
  pages={339--398},
  year={1977}
}

@article{gaffney2011mammalian,
  title={Mammalian sperm motility: observation and theory},
  author={Gaffney, Eamonn A and Gad{\^e}lha, Hermes and Smith, David J and Blake, John R and Kirkman-Brown, Jackson C},
  journal={Annual Review of Fluid Mechanics},
  volume={43},
  number={1},
  pages={501--528},
  year={2011},
  publisher={Annual Reviews}
}

@article{tekce2007effect,
  title={Effect of particle shape on thermal conductivity of copper reinforced polymer composites},
  author={Tekce, H Serkan and Kumlutas, Dilek and Tavman, Ismail H},
  journal={Journal of reinforced plastics and composites},
  volume={26},
  number={1},
  pages={113--121},
  year={2007},
  publisher={Sage Publications Sage CA: Thousand Oaks, CA}
}

@article{smith1999single,
  title={Single-polymer dynamics in steady shear flow},
  author={Smith, Douglas E and Babcock, Hazen P and Chu, Steven},
  journal={Science},
  volume={283},
  number={5408},
  pages={1724--1727},
  year={1999},
  publisher={American Association for the Advancement of Science}
}

@article{burgers1938motion,
  title={On the motion of small particles of elongated form suspended in a viscous liquid},
  author={Burgers, Johannes Martinus},
  journal={Kon. Ned. Akad. Wet. Verhand.(Eerste Sectie)},
  volume={16},
  pages={113--184},
  year={1938}
}

@article{broersma1960rotational,
  title={Rotational diffusion constant of a cylindrical particle},
  author={Broersma, S},
  journal={The Journal of Chemical Physics},
  volume={32},
  number={6},
  pages={1626--1631},
  year={1960},
  publisher={American Institute of Physics}
}

@article{broersma1960viscous,
  title={Viscous force constant for a closed cylinder},
  author={Broersma, S},
  journal={The Journal of Chemical Physics},
  volume={32},
  number={6},
  pages={1632--1635},
  year={1960},
  publisher={American Institute of Physics}
}

@article{tuck1964some,
  title={Some methods for flows past blunt slender bodies},
  author={Tuck, EO},
  journal={Journal of Fluid Mechanics},
  volume={18},
  number={4},
  pages={619--635},
  year={1964},
  publisher={Cambridge University Press}
}

@article{tuck1970toward,
  title={Toward the calculation and minimization of Stokes drag on bodies of arbitrary shape},
  author={Tuck, EO},
  journal={Proc. Institute of Engineers, Australia, 1970},
  pages={29--32},
  year={1970}
}

@article{taylor1969motion,
  title={Motion of axisymmetric bodies in viscous fluids},
  author={Taylor, GI},
  journal={Problems of hydrodynamics and continuum mechanics},
  volume={718},
  year={1969},
  publisher={SIAM Philadelphia}
}

@article{cox1970motion,
  title={The motion of long slender bodies in a viscous fluid Part 1. General theory},
  author={Cox, Raymond G},
  journal={Journal of Fluid mechanics},
  volume={44},
  number={4},
  pages={791--810},
  year={1970},
  publisher={Cambridge University Press}
}

@article{cox1971motion,
  title={The motion of long slender bodies in a viscous fluid. Part 2. Shear flow},
  author={Cox, Raymond G},
  journal={Journal of Fluid Mechanics},
  volume={45},
  number={4},
  pages={625--657},
  year={1971},
  publisher={Cambridge University Press}
}

@article{tillett1970axial,
  title={Axial and transverse Stokes flow past slender axisymmetric bodies},
  author={Tillett, JPK},
  journal={Journal of Fluid Mechanics},
  volume={44},
  number={3},
  pages={401--417},
  year={1970},
  publisher={Cambridge University Press}
}

@article{batchelor1970slender,
  title={Slender-body theory for particles of arbitrary cross-section in Stokes flow},
  author={Batchelor, George K},
  journal={Journal of Fluid Mechanics},
  volume={44},
  number={3},
  pages={419--440},
  year={1970},
  publisher={Cambridge University Press}
}

@article{lindner2015elastic,
  title={Elastic fibers in flows},
  author={Lindner, Anke and Shelley, Michael},
  year={2015}
}

@article{liu2024spectral,
  title={Spectral analysis for elastica dynamics in a shear flow},
  author={Liu, Lujia and Sznajder, Pawe{\l} and Ekiel-Je{\.z}ewska, Maria L},
  journal={Physical Review Fluids},
  volume={9},
  number={1},
  pages={014101},
  year={2024},
  publisher={APS}
}

@book{schulz2022new,
  title={A New Kirchhoff-Love Beam Element and Its Application to Polymer Mechanics},
  author={Schulz, Matthias C},
  year={2022},
  publisher={Springer Nature}
}

@article{maxian2021integral,
  title={Integral-based spectral method for inextensible slender fibers in Stokes flow},
  author={Maxian, Ondrej and Mogilner, Alex and Donev, Aleksandar},
  journal={Physical Review Fluids},
  volume={6},
  number={1},
  pages={014102},
  year={2021},
  publisher={APS}
}

@article{peskin2002immersed,
  title={The immersed boundary method},
  author={Peskin, Charles S},
  journal={Acta numerica},
  volume={11},
  pages={479--517},
  year={2002},
  publisher={Cambridge University Press}
}

@article{cortez2001method,
  title={The method of regularized Stokeslets},
  author={Cortez, Ricardo},
  journal={SIAM Journal on Scientific Computing},
  volume={23},
  number={4},
  pages={1204--1225},
  year={2001},
  publisher={SIAM}
}

@article{zuk2021universal,
  title={Universal features of the shape of elastic fibres in shear flow},
  author={{\.Z}uk, Pawe{\l} J and S{\l}owicka, Agnieszka M and Ekiel-Je{\.z}ewska, Maria L and Stone, Howard A},
  journal={Journal of Fluid Mechanics},
  volume={914},
  pages={A31},
  year={2021},
  publisher={Cambridge University Press}
}

@article{vaquero2024u,
  title={U-shaped disks in Stokes flow: Chiral sedimentation of a non-chiral particle},
  author={Vaquero-Stainer, Christian and Miara, Tymoteusz and Juel, Anne and Pihler-Puzovi{\'c}, Draga and Heil, Matthias},
  journal={arXiv preprint arXiv:2406.13837},
  year={2024}
}

@article{brenner1963stokes,
  title={The Stokes resistance of an arbitrary particle},
  author={Brenner, Howard},
  journal={Chemical Engineering Science},
  volume={18},
  number={1},
  pages={1--25},
  year={1963},
  publisher={Elsevier}
}

@article{thorp2019motion,
  title={Motion of a non-axisymmetric particle in viscous shear flow},
  author={Thorp, Ian R and Lister, John R},
  journal={Journal of Fluid Mechanics},
  volume={872},
  pages={532--559},
  year={2019},
  publisher={Cambridge University Press}
}

%%%%%%%%%%%%%%%%%%%%%%%%%%%
@article{stokes1851effect,
  title={On the effect of the internal friction of fluids on the motion of pendulums},
  author={Stokes, George Gabriel and others},
  year={1851},
  publisher={Pitt Press Cambridge}
}

@article{oberbeck1876ueber,
  title={Ueber station{\"a}re Fl{\"u}ssigkeitsbewegungen mit Ber{\"u}cksichtigung der inneren Reibung.},
  author={Oberbeck, Anton},
  year={1876},
  publisher={Walter de Gruyter, Berlin/New York Berlin, New York}
}

@article{doi2005motion,
  title={Motion of micro-particles of complex shape},
  author={Doi, Masao and Makino, Masato},
  journal={Progress in polymer science},
  volume={30},
  number={8-9},
  pages={876--884},
  year={2005},
  publisher={Elsevier}
}

@article{shelley2000stokesian,
  title={The Stokesian hydrodynamics of flexing, stretching filaments},
  author={Shelley, Michael J and Ueda, Tetsuji},
  journal={Physica D: Nonlinear Phenomena},
  volume={146},
  number={1-4},
  pages={221--245},
  year={2000},
  publisher={Elsevier}
}

@article{tornberg2004simulating,
  title={Simulating the dynamics and interactions of flexible fibers in Stokes flows},
  author={Tornberg, Anna-Karin and Shelley, Michael J},
  journal={Journal of Computational Physics},
  volume={196},
  number={1},
  pages={8--40},
  year={2004},
  publisher={Elsevier}
}

@article{liu2018morphological,
  title={Morphological transitions of elastic filaments in shear flow},
  author={Liu, Yanan and Chakrabarti, Brato and Saintillan, David and Lindner, Anke and Du Roure, Olivia},
  journal={Proceedings of the National Academy of Sciences},
  volume={115},
  number={38},
  pages={9438--9443},
  year={2018},
  publisher={National Acad Sciences}
}

@article{quennouz2015transport,
  title={Transport and buckling dynamics of an elastic fibre in a viscous cellular flow},
  author={Quennouz, N and Shelley, Michael and Du Roure, O and Lindner, A},
  journal={Journal of Fluid Mechanics},
  volume={769},
  pages={387--402},
  year={2015},
  publisher={Cambridge University Press}
}

@article{bretherton1962motion,
  title={The motion of rigid particles in a shear flow at low Reynolds number},
  author={Bretherton, Francis P},
  journal={Journal of Fluid Mechanics},
  volume={14},
  number={2},
  pages={284--304},
  year={1962},
  publisher={Cambridge University Press}
}

