@article{roggeveen2022motion,
	title={Motion of asymmetric bodies in two-dimensional shear flow},
	author={Roggeveen, James V and Stone, Howard A},
	journal={Journal of Fluid Mechanics},
	volume={939},
	pages={A23},
	year={2022},
	publisher={Cambridge University Press}
}